@inproceedings{xd,
  title={Comparative analysis of microscopic models of road traffic data},
  author={Boubaker, Samia and Rehimi, Ferid and Kalboussi, Adel},
  booktitle={Logistics (LOGISTIQUA), 2011 4th International Conference on},
  pages={474--478},
  year={2011},
  organization={IEEE}
}
