@inproceedings{CompareModels,
  title={Comparative analysis of microscopic models of road traffic data},
  author={Boubaker, Samia and Rehimi, Ferid and Kalboussi, Adel},
  booktitle={Logistics (LOGISTIQUA), 2011 4th International Conference on},
  pages={474--478},
  year={2011},
  organization={IEEE}
}
@article{multilevel,
  title={Multilevel modeling of the traffic dynamic},
  author={Kumar, Pushpendra and Merzouki, Rochdi and Conrard, Blaise and Coelen, Vincent and Bouamama, Belkacem Ould},
  journal={IEEE Transactions on Intelligent Transportation Systems},
  volume={15},
  number={3},
  pages={1066--1082},
  year={2014},
  publisher={IEEE}
}
@inproceedings{vu2017high,
  title={High-performance mesoscopic traffic simulation with GPU for large scale networks},
  author={Vu, Vinh An and Tan, Gary},
  booktitle={Proceedings of the 21st International Symposium on Distributed Simulation and Real Time Applications},
  pages={127--135},
  year={2017},
  organization={IEEE Press}
}
@inproceedings{mesoscopic,
  title={A discrete-event mesoscopic traffic simulation model for hybrid traffic simulation},
  author={Burghout, Wilco and Koutsopoulos, Haris N and Andreasson, Ingmar},
  booktitle={Intelligent Transportation Systems Conference, 2006. ITSC'06. IEEE},
  pages={1102--1107},
  year={2006},
  organization={IEEE}
}
@article{mesoscopic2,
  title={Network state estimation and prediction for real-time traffic management},
  author={Ben-Akiva, Moshe and Bierlaire, Michel and Burton, Didier and Koutsopoulos, Haris N and Mishalani, Rabi},
  journal={Networks and spatial economics},
  volume={1},
  number={3-4},
  pages={293--318},
  year={2001},
  publisher={Springer}
}
@article{lwr,
  title={On kinematic waves II. A theory of traffic flow on long crowded roads},
  author={Lighthill, Michael James and Whitham, Gerald Beresford},
  journal={Proc. R. Soc. Lond. A},
  volume={229},
  number={1178},
  pages={317--345},
  year={1955},
  publisher={The Royal Society}
}
@article{helbing2001master,
  title={MASTER: macroscopic traffic simulation based on a gas-kinetic, non-local traffic model},
  author={Helbing, Dirk and Hennecke, Ansgar and Shvetsov, Vladimir and Treiber, Martin},
  journal={Transportation Research Part B: Methodological},
  volume={35},
  number={2},
  pages={183--211},
  year={2001},
  publisher={Elsevier}
}
@article{gottlich,
  title={Modeling and optimizing traffic light settings in road networks},
  author={G{\"o}ttlich, Simone and Herty, Michael and Ziegler, Ute},
  journal={Computers \& operations research},
  volume={55},
  pages={36--51},
  year={2015},
  publisher={Elsevier}
}